@misc{Pratapa2018,
  author = {Kanika Gupta and Mounika Pratapa and Phani Sasank Vaddi and Ratan Kalra},
  title = {Binary Classification of Kiva Loan Dataset using Advanced Ensemble Techniques},
  howpublished = {ECE-9603 Presentation 2018-11-29},
  year = {2018},
  month = {November},
  institution = {Western University}
}

@misc{Kiva,
  title = {Kiva Web Page},
  howpublished = {\url{https://www.kiva.org/}},
  note = {Accessed: 2018-12-01}
}

