@techreport{RFC1034,
  author = {P. Mockapetris},
  title = {Domain names - concepts and facilities},
  howpublished = {Internet Requests for Comments},
  type = {STD},
  number = {13},
  year = {1987},
  month = {November},
  issn = {2070-1721},
  publisher = {RFC Editor},
  institution = {RFC Editor},
  url = {http://www.rfc-editor.org/rfc/rfc1034.txt}
}

@techreport{RFC1035,
  author = {P. Mockapetris},
  title = {Domain names - implementation and specification},
  howpublished = {Internet Requests for Comments},
  type = {STD},
  number = {13},
  year = {1987},
  month = {November},
  issn = {2070-1721},
  publisher = {RFC Editor},
  institution = {RFC Editor},
  url = {http://www.rfc-editor.org/rfc/rfc1035.txt}
}

@techreport{I-D.ietf-dnsop-refuse-any,
  author = {Joe Abley and Olafur Gudmundsson and Marek Majkowski and Evan Hunt},
  title = {Providing Minimal-Sized Responses to DNS Queries that have QTYPE=ANY},
  howpublished = {Working Draft},
  type = {Internet-Draft},
  number = {draft-ietf-dnsop-refuse-any-07},
  year = {2018},
  month = {August},
  institution = {IETF Secretariat},
  url = {http://www.ietf.org/internet-drafts/draft-ietf-dnsop-refuse-any-07.txt}
}

@techreport{RFC4786,
  author = {J. Abley and K. Lindqvist},
  title = {Operation of Anycast Services},
  howpublished = {Internet Requests for Comments},
  type = {BCP},
  number = {126},
  year = {2006},
  month = {December},
  issn = {2070-1721},
  publisher = {RFC Editor},
  institution = {RFC Editor},
  url = {http://www.rfc-editor.org/rfc/rfc4786.txt}
}

@techreport{RFC5358,
  author = {J. Damas and F. Neves},
  title = {Preventing Use of Recursive Nameservers in Reflector Attacks},
  howpublished = {Internet Requests for Comments},
  type = {BCP},
  number = {140},
  year = {2008},
  month = {October},
  issn = {2070-1721},
  publisher = {RFC Editor},
  institution = {RFC Editor},
  url = {http://www.rfc-editor.org/rfc/rfc5358.txt}
}

@misc{CastroQiao,
  author = {Jing Qiao},
  title = { Source Address Classification - Feature Engineering },
  url = {https://blog.nzrs.net.nz/source-address-clustering-feature-engineering/},
  note = {Accessed: 2018-09-16}
}

@misc{JasonBrownlee,
  author = {Jason Brownlee},
  title = {Discover Feature Engineering, How to Engineer Features and How to Get Good at It},
  url = {https://machinelearningmastery.com/discover-feature-engineering-how-to-engineer-features-and-how-to-get-good-at-it/},
  note = {Accessed: 2018-09-16}
}

@incollection{NIPS2015_5872,
   title = {Efficient and Robust Automated Machine Learning},
   author = {Feurer, Matthias and Klein, Aaron and Eggensperger, Katharina and
             Springenberg, Jost and Blum, Manuel and Hutter, Frank},
   booktitle = {Advances in Neural Information Processing Systems 28},
   editor = {C. Cortes and N. D. Lawrence and D. D. Lee and M. Sugiyama and R. Garnett},
   pages = {2962--2970},
   year = {2015},
   publisher = {Curran Associates, Inc.},
   url = {http://papers.nips.cc/paper/5872-efficient-and-robust-automated-machine-learning.pdf}
}