@misc{Manias2018,
  author = {Dimitri Manias and Ibrahim Shaer},
  title = {Rating Extraction through Sentiment and Sarcasm Analysis},
  howpublished = {ECE-9603 Presentation 2018-12-06},
  year = {2018},
  month = {December},
  institution = {Western University}
}

@misc{Sentiment140,
  title = {About Sentiment140},
  howpublished = {\url{http://help.sentiment140.com/}},
  note = {Accessed: 2018-12-08}
}

@misc{Yelp,
  title = {Yelp Dataset Challenge},
    howpublished = {\url{https://www.yelp.com/dataset/challenge}},
    note = {Accessed: 2018-12-08}
}

@techreport{arXiv:1704.05579v4,
  author = {Mikhail Khodak and Nikunj Saunshi and Kiran Vodrahalli},
  title = {A Large Self-Annotated Corpus for Sarcasm},
  institution = {Princeton University},
  year = {2018}
}

@inproceedings{Baccianella10sentiwordnet3.0,
    author = {Stefano Baccianella and Andrea Esuli and Fabrizio Sebastiani},
    title = {SentiWordNet 3.0: An Enhanced Lexical Resource for Sentiment Analysis and Opinion Mining},
    booktitle = {in Proc. of LREC},
    year = {2010}
}
