@inproceedings{Vries17b,
  author = {{de Vries}, Wouter B. and de O. Schmidt, Ricardo and Hardaker, Wes and Heidemann, John and de Boer, Pieter-Tjerk and Pras, Aiko},
  title = {Verfploeter: Broad and Load-Aware Anycast Mapping},
  booktitle = {Proceedings of the ACM Internet Measurement Conference},
  year = {2017},
  sortdate = {2017-11-02},
  project = {ant, lacrend, lander, retrofuturebridge, nipet},
  jsubject = {network_security},
  address = {London, UK},
  myorganization = {USC/Information Sciences Institute},
  copyrightholder = {ACM},
  copyrightterms = {
  Permission to make digital or hard copies of all or part of this work
  for personal or classroom use is granted without fee provided that
  copies are not made or distributed for profit or commercial advantage
  and that copies bear this notice and the full citation on the first
  page. To copy otherwise, to republish, to post on servers or to
  redistribute to lists, requires prior specific permission and/or a
  fee.
  },
  url = {http://www.isi.edu/%7ejohnh/PAPERS/Vries17b.html},
  pdfurl = {http://www.isi.edu/%7ejohnh/PAPERS/Vries17b.pdf},
  blogurl = {https://ant.isi.edu/blog/?p=1078},
  doi = {https://doi.org/10.1145/3131365.3131371},
  otherurl = {https://conferences.sigcomm.org/imc/2017/papers/imc17-final46.pdf},
  dataseturl = {https://ant.isi.edu/datasets/anycast/index.html#verfploeter}
}

@inproceedings{Fan13a,
  author = {Fan, Xun and Heidemann, John and Govindan, Ramesh},
  title = {Evaluating Anycast in the Domain Name System},
  booktitle = {Proceedings of the  IEEE Infocom},
  year = {2013},
  sortdate = {2013-04-01},
  project = {ant, amite, lacrend, lander, research_root},
  jsubject = {traffic_detection},
  pages = {1681--1689},
  month = apr,
  address = {Turin, Italy},
  publisher = {IEEE},
  location = {johnh: pafile},
  keywords = {anycast, discovery, topology, DNS, F-root, PCH, Netalyzr},
  url = {http://www.isi.edu/%7ejohnh/PAPERS/Fan13a.html},
  pdfurl = {http://www.isi.edu/%7ejohnh/PAPERS/Fan13a.pdf},
  myorganization = {USC/Information Sciences Institute},
  copyrightholder = {IEEE},
  copyrightterms = {
  	Personal use of this material is permitted.  Permission from IEEE must
  	be obtained for all other uses, in any current or future media,
  	including reprinting/republishing this material for advertising or
  	promotional purposes, creating new collective works, for resale or
  	redistribution to servers or lists, or reuse of any copyrighted
  	component of this work in other works.
    }
}

@techreport{RFC0768,
  author = {J. Postel},
  title = {User Datagram Protocol},
  howpublished = {Internet Requests for Comments},
  type = {STD},
  number = {6},
  year = {1980},
  month = {August},
  issn = {2070-1721},
  publisher = {RFC Editor},
  institution = {RFC Editor},
  url = {http://www.rfc-editor.org/rfc/rfc768.txt}
}

@techreport{RFC0791,
  author = {Jon Postel},
  title = {Internet Protocol},
  howpublished = {Internet Requests for Comments},
  type = {STD},
  number = {5},
  year = {1981},
  month = {September},
  issn = {2070-1721},
  publisher = {RFC Editor},
  institution = {RFC Editor},
  url = {http://www.rfc-editor.org/rfc/rfc791.txt}
}

@techreport{RFC0792,
  author = {J. Postel},
  title = {Internet Control Message Protocol},
  howpublished = {Internet Requests for Comments},
  type = {STD},
  number = {5},
  year = {1981},
  month = {September},
  issn = {2070-1721},
  publisher = {RFC Editor},
  institution = {RFC Editor},
  url = {http://www.rfc-editor.org/rfc/rfc792.txt}
}

@techreport{RFC4271,
  author = {Y. Rekhter and T. Li and S. Hares},
  title = {A Border Gateway Protocol 4 (BGP-4)},
  howpublished = {Internet Requests for Comments},
  type = {RFC},
  number = {4271},
  year = {2006},
  month = {January},
  issn = {2070-1721},
  publisher = {RFC Editor},
  institution = {RFC Editor},
  url = {http://www.rfc-editor.org/rfc/rfc4271.txt}
}

@techreport{RFC4443,
  author = {A. Conta and S. Deering and M. Gupta},
  title = {Internet Control Message Protocol (ICMPv6) for the Internet Protocol Version 6 (IPv6) Specification},
  howpublished = {Internet Requests for Comments},
  type = {RFC},
  number = {4443},
  year = {2006},
  month = {March},
  issn = {2070-1721},
  publisher = {RFC Editor},
  institution = {RFC Editor},
  url = {http://www.rfc-editor.org/rfc/rfc4443.txt}
}

@techreport{RFC4786,
  author = {J. Abley and K. Lindqvist},
  title = {Operation of Anycast Services},
  howpublished = {Internet Requests for Comments},
  type = {BCP},
  number = {126},
  year = {2006},
  month = {December},
  issn = {2070-1721},
  publisher = {RFC Editor},
  institution = {RFC Editor},
  url = {http://www.rfc-editor.org/rfc/rfc4786.txt}
}

@techreport{RFC8200,
  author = {S. Deering and R. Hinden},
  title = {Internet Protocol, Version 6 (IPv6) Specification},
  howpublished = {Internet Requests for Comments},
  type = {STD},
  number = {86},
  year = {2017},
  month = {July},
  issn = {2070-1721},
  publisher = {RFC Editor},
  institution = {RFC Editor},
  url = {http://www.rfc-editor.org/rfc/rfc8200.txt}

}
